% Encoding: windows-1252

@article{Atzori20102787,
	title = "The Internet of Things: A survey ",
	journal = "Computer Networks ",
	volume = "54",
	number = "15",
	pages = "2787 - 2805",
	year = "2010",
	note = "",
	issn = "1389-1286",
	doi = "http://dx.doi.org/10.1016/j.comnet.2010.05.010",
	url = "http://www.sciencedirect.com/science/article/pii/S1389128610001568",
	author = "Luigi Atzori and Antonio Iera and Giacomo Morabito",
	keywords = "Internet of Things",
	keywords = "Pervasive computing",
	keywords = "RFID systems "
}



@MastersThesis{luukdanes:2007,
  author = {Luuk Danes},
  title  = {{S}mart {C}ard {I}ntegration in the {P}seudonym {S}ystem {I}demix},
  school = {University of Groningen, Faculty of Mathematics},
  year   = {2007},
  month  = {December},
}

@BOOK{bentley:1999,
  title = {{P}rogramming {P}earls},
  publisher = {Addison--Wesley},
  year = {1999},
  author = {Jon Bentley},
  address = {Boston, MA, USA},
  edition = {2nd}
}

@BOOK{bringhurst:2002,
  title = {{T}he {E}lements of {T}ypographic {S}tyle},
  publisher = {Hartley \& Marks Publishers},
  year = {2013},
  author = {Robert Bringhurst},
  series = {Version 4.0: 20th Anniversary Edition},
  address = {Point Roberts, WA, USA}
}

@BOOK{cormen:2001,
  title = {{I}ntroduction to {A}lgorithms},
  publisher = {The MIT Press},
  year = {2009},
  author = {Cormen, Thomas H. and Leiserson, Charles E. and Rivest, Ronald L.
	and Clifford Stein},
  address = {Cambridge, MA, USA},
  edition = {3rd}
}

@BOOK{dueck:trio,
  title = {{D}ueck's {T}rilogie: {O}mnisophie -- {S}upramanie -- {T}opothesie},
  publisher = {Springer, Berlin, Germany},
  year = {2005},
  author = {Gunter Dueck},
  note = {\url{http://www.omnisophie.com}}
}

@ARTICLE{knuth:1976,
  author = {Knuth, Donald E.},
  title = {{B}ig {O}micron and {B}ig {O}mega and {B}ig {T}heta},
  journal = {SIGACT News},
  year = {1976},
  volume = {8},
  pages = {18--24},
  number = {2},
  address = {New York, NY, USA},
  publisher = {ACM Press}
}

@ARTICLE{knuth:1974,
  author = {Knuth, Donald E.},
  title = {{C}omputer {P}rogramming as an {A}rt},
  journal = {Communications of the ACM},
  year = {1974},
  volume = {17},
  pages = {667--673},
  number = {12},
  address = {New York, NY, USA},
  publisher = {ACM Press}
}

@BOOK{sommerville:1992,
  title = {{S}oftware {E}ngineering},
  publisher = {Addison-Wesley},
  year = {2015},
  author = {Ian Sommerville},
  address = {Boston, MA, USA},
  edition = {10th}
}

@BOOK{taleb:2012,
  title = {{A}ntifragile: {T}hings {T}hat {G}ain from {D}isorder ({I}ncerto
	{B}ook 3)},
  publisher = {Random House},
  year = {2012},
  author = {Nassim Nicholas Taleb},
  address = {New York, NY, USA}
}

@Comment{jabref-meta: databaseType:bibtex;}
